
@article{test,
    author  = "T. Est",
    title   = "Title work in progress",
    year    = "1993",
    journal = "ABS",
    volume  = "14",
    number  = "3",
    pages   = "342--351"
}

