@online{arduino_mega_2560,
    title = "Arduino Mega 2560",
    month = "April",
    year = "2014",
    url = "http://arduino.cc/en/Main/arduinoBoardMega2560"
}

@online{gcode,
    title = "G-code",
    month = "April",
    year = "2014",
    url = "http://reprap.org/wiki/G-code"
}

@techreport{gutierrez2012,
    author    = "Juan Manuel Parrilla Guti√©rrez",
    title     = "Automatic Liquid Handling for Artificial Life Research",
    institution = "University of Southern Denmark",
    type     = "Master thesis", 
    year      = "2012",
    month    = "June",
}

@techreport{nicholson2013,
    author    = "Arwen Nicholson",
    title     = "Automatic Experiments in Artificial Life Using a Liquid Handling Robot Named Splotbot",
    institution = "University of Southern Denmark",
    type     = "Project", 
    year      = "2013",
    month    = "June",
}

@online{printrun,
    title = "Printrun Github Repository",
    month = "April",
    year = "2014",
    url = "https://github.com/kliment/Printrun"
}

@misc{reprap.org,
    title     = "RepRapWiki",
    howpublished = "Website",
    year     = "2013",
    month    = "Month",
    note     = "Website of the RepRap project",
}

@book{sommerville2011,
    author    = "Ian Sommerville",
    title     = "Software Engineering",
    publisher = "Pearson Education, Inc.",
    year      = "2011",
}
